
@online{AuthenticationVsAuthorization2018,
  title = {Authentication vs.~{{Authorization}}},
  date = {2018-10-15},
  journaltitle = {Authentication vs. Authorization},
  url = {https://www.okta.com/identity-101/authentication-vs-authorization},
  urldate = {2020-01-28}
}

@online{danteArchitectureHowMy2013,
  title = {Architecture - {{How}} My Website Should Use Its Own {{API}}?},
  author = {Dante, Dante},
  date = {2013-06-04},
  url = {https://softwareengineering.stackexchange.com/a/200569/72872},
  urldate = {2020-01-23}
}

@online{eversShouldWebsiteUse2012,
  title = {Should a Website Use Its Own Public {{API}}?},
  author = {Evers, Steven},
  date = {2012-05-14},
  url = {https://softwareengineering.stackexchange.com/a/148561/72872},
  urldate = {2020-01-23}
}

@online{irvineUnderstanding403Forbidden2011,
  title = {Understanding 403 {{Forbidden}}},
  author = {Irvine, Daniel},
  date = {2011-07-18},
  url = {https://web.archive.org/web/20190704233547/http://www.dirv.me/blog/2011/07/18/understanding-403-forbidden/index.html},
  urldate = {2020-01-28}
}

@online{virkkunenApiDesignIt2010,
  title = {Api Design - {{Is}} It Good Practice for a Website to Use Its Own {{API}}? - {{Stack Overflow}}},
  author = {Virkkunen, Matti},
  date = {2010-08-28},
  url = {https://stackoverflow.com/a/3590574/1517394},
  urldate = {2020-01-23}
}


